@misc{CarbucciaEtAl2024,
  title = {Investigating How Administrative Burden and Search Costs Affect Social Inequalities in Early Childcare Access, a Randomised Controlled Trial},
  author = {Carbuccia, Laudine and Heim, Arthur and Chevallier, Coralie and Barone, Carlo},
  year = {2024},
  month = oct,
  publisher = {OSF Registries},
  address = {In review at Nature Human Behavior}
}

@misc{CombeHeim2024,
  title = {Rage against the Matching: Fairness and Inequalities in a Market Design Experiment of Daycare Assignments in {{France}}},
  author = {Combe, Julien and Heim, Arthur},
  year = {2024},
  month = apr,
  number = {1},
  publisher = {PhD Thesis},
  address = {Paris, France}
}

@article{FougereHeim2019,
  title = {{L'{\'e}valuation socio{\'e}conomique de l'investissement social}},
  author = {Foug{\`e}re, Denis and Heim, Arthur},
  year = {2019},
  journal = {Rapport, France strat{\'e}gie},
  number = {2019-06},
  pages = {184}
}

@article{FougereHeim2019a,
  title = {{L'investissement social {\`a} l'{\'e}preuve de l'{\'e}valuation socio{\'e}conomique}},
  author = {Foug{\`e}re, Denis and Heim, Arthur},
  year = {2019},
  journal = {Note d'analyse, France strat{\'e}gie},
  pages = {8}
}

@misc{GalitzineHeim2024,
  title = {Tax Burden on the Poor: {{Single}} Mothers' Optimisation Behaviours Following an Experimental Activation Programme in {{France}}},
  author = {Galitzine, Alexandra and Heim, Arthur},
  year = {2024},
  publisher = {PhD Thesis},
  address = {Paris (France)}
}

@incollection{GrobonEtAl2021a,
  title = {Vers Un Revenu de Base Pour Les Jeunes de 18-24 Ans ? {{{\'E}tat}} de La Recherche et Proposition d'exp{\'e}rimentation},
  booktitle = {Comit{\'e} d'{\'e}valuation de La Strat{\'e}gie Nationale de Pr{\'e}vention et de Lutte Contre La Pauvret{\'e}},
  author = {Grobon, S{\'e}bastien and Heim, Arthur and Huillery, Elise},
  year = {2021},
  series = {Compl{\'e}ments Au Rapport},
  edition = {France strat{\'e}gie}
}

@misc{Heim2014,
  type = {Article},
  title = {Au Mauvais Endroit Au Mauvais Moment? {{Le}} Devenir Des Primo-Entrants Sur Un March{\'e} Du Travail En Crise},
  author = {Heim, Arthur},
  year = {2014},
  month = jun,
  journal = {BSI-Economics}
}

@misc{Heim2014a,
  type = {Article},
  title = {Emploi: Le Foss{\'e} Du Genre, Pas Si Fauss{\'e}...},
  author = {Heim, Arthur},
  year = {2014},
  month = sep,
  journal = {BSI-Economics},
  date-added = {2015-08-08 08:40:43 +0000},
  date-modified = {2015-08-09 09:05:01 +0000}
}

@article{Heim2017,
  title = {{L'investissement social: quelles significations ? Quelles implications ?}},
  author = {Heim, Arthur},
  year = {2017},
  journal = {Cahier fran{\c c}ais},
  series = {{Cahier fran{\c c}ais}},
  volume = {399},
  pages = {16--21},
  copyright = {All rights reserved}
}

@article{Heim2017a,
  title = {Comment Estimer Le Rendement de l'investissement Social ?},
  author = {Heim, Arthur},
  year = {2017},
  month = feb,
  journal = {Document de travail France strat{\'e}gie},
  number = {2017-02}
}

@techreport{Heim2018,
  title = {Quand La Scolarisation {\`a} 2 Ans n'a Pas Les Effets Attendus: {{Des}} Evaluations Sur Donn{\'e}es Fran{\c c}aises},
  author = {Heim, Arthur},
  year = {2018},
  institution = {France Strat{\'e}gie}
}

@incollection{Heim2020,
  title = {Les Effets Attendus Des Mesures Sur Les Modes d'accueil de La Petite Enfance : Quelques {\'E}l{\'e}ments de Litt{\'e}rature},
  booktitle = {Comit{\'e} d'{\'e}valuation de La Strat{\'e}gie Nationale de Pr{\'e}vention de Lutte Contre La Pauvret{\'e}: {{Note}} d'{\'e}tape},
  author = {Heim, Arthur},
  editor = {Schweitzer, Louis},
  year = {2020},
  month = mar,
  volume = {Annexe 13},
  publisher = {France Strat{\'e}gie}
}

@misc{Heim2024,
  title = {Welfare-to-What ? {{Experimental}} Evaluation of an Activation Programme for Single Mothers in Poverty in {{France}}},
  author = {Heim, Arthur},
  year = {2024},
  month = apr,
  number = {2},
  publisher = {PhD Thesis},
  address = {Paris (France)}
}

@phdthesis{Heim2024a,
  title = {Social Investment \& {{The}} Changing Face of Poverty:    {{Essays}} on the Design and Evaluation of Family and Social Policies in {{France}}},
  author = {Heim, Arthur},
  year = {2024},
  address = {Paris (France)},
  school = {Paris School Of Economics (EHESS)}
}

@book{HeimEtAl2015,
  title = {Faut-Il Encore Redoubler ?},
  author = {Heim, Arthur and Steinmetz, Claire and Tricot, Andr{\'e}},
  editor = {{Conseil national d'{\'e}valuation du syst{\`e}me scolaire (Cnesco)} and {Institut fran{\c c}ais de l'{\'e}ducation}},
  year = {2015},
  month = jun,
  publisher = {R{\'e}seau Canop{\'e}}
}

@incollection{HeimGalinie2016,
  ids = {HeimGalinie2016a},
  title = {In{\'e}galit{\'e}s Scolaires : Quels R{\^o}les Jouent Les Cours Priv{\'e}s ?},
  booktitle = {Contribution Au Rapport Du {{Cnesco}}: {{Les}} In{\'e}galit{\'e}s Scolaires d'origines Sociales et Ethnoculturelle.},
  author = {Heim, Arthur and Galini{\'e}, Arnaud},
  year = {2016},
  publisher = {Cnesco},
  address = {Paris}
}

@techreport{HeimNi2016,
  type = {Note d'analyse},
  title = {L'{\'e}ducation Peut-Elle Favoriser La Croissance ?},
  author = {Heim, Arthur and Ni, Jincheng},
  year = {2016},
  month = jun,
  number = {48},
  institution = {France strat{\'e}gie},
  date-added = {2016-07-19 13:06:14 +0000},
  date-modified = {2016-07-19 13:10:56 +0000}
}

@incollection{HeimSteinmetz2015,
  ids = {HeimSteinmetz2015a,HeimSteinmetz2015b},
  title = {Le Redoublement En {{France}} et Dans Le Monde: {{Une}} Comparaison Statistique et Reglementaire},
  booktitle = {Lutter Conte La Difficult{\'e} Scolaire: Le Redoublement et Ses Alternatives},
  author = {Heim, Arthur and Steinmetz, Claire},
  year = {2015},
  month = jan,
  volume = {1},
  publisher = {Conseil national d'{\'e}valuation du syst{\`e}me scolaire (Cnesco)}
}

@incollection{HeimSteinmetz2015a,
  title = {Quelles Alternatives Au Redoublement ?},
  booktitle = {Le Redoublement En {{France}} et Dans Le Monde},
  author = {Heim, Arthur and Steinmetz, Claire},
  year = {2015},
  month = jan,
  volume = {3},
  publisher = {Conseil national d'{\'e}valuation du syst{\`e}me scolaire (Cnesco)}
}

@incollection{HeimSteinmetz2015c,
  title = {De l'{\'e}tude de Ses Impacts {\`a} La Croyance En Son Utilit{\'e}},
  booktitle = {Le Redoublement En {{France}} et Dans Le Monde},
  author = {Heim, Arthur and Steinmetz, Claire},
  year = {2015},
  month = jan,
  volume = {2},
  publisher = {Conseil national d'{\'e}valuation du syst{\`e}me scolaire (Cnesco)}
}

@techreport{MonsEtAl2015,
  title = {Lutter Contre Les Difficult{\'e}s Scolaires : Le Redoublement et Ses Alternatives. {{Dossier}} de Synth{\`e}se},
  shorttitle = {Lutter Contre Les Difficult{\'e}s Scolaires},
  author = {Mons, Nathalie and Heim, Arthur and {Blanchard-Schneider}, Amandine},
  year = {2015},
  month = jan,
  institution = {Cnesco}
}

@techreport{MontaignacSchweitzer2020,
  title = {Comit{\'e} d'{\'e}valuation de La Strat{\'e}gie Nationale de Pr{\'e}vention et de Lutte Contre La Pauvret{\'e}: {{Note}} d'{\'e}tape},
  author = {Montaignac, Marine and Schweitzer, Louis},
  year = {2020, Mars},
  address = {Paris},
  institution = {France Strat{\'e}gie}
}
